@book{chapelle06,
 author = "Olivier Chapelle, Bernhard Scholkopf and Alexander Zien",
 title = "Semi-Supervised Learning",
 publisher = "The MIT Press",
 address = "Cambridge, Massachusetts",
 year = "2006"
}

@book{stan95,
 author = {Li, S. Z.},
 title = {Markov Random Field Modeling in Computer Vision},
 year = {1995},
 isbn = {4-431-70145-1},
 publisher = {Springer-Verlag},
 address = {London, UK, UK},
} s

@MISC{Zhu06semi,
    author = {Xiaojin Zhu},
    title = {Semi-Supervised Learning Literature Survey},
    year = {2006}
}

